@article{castro2017risk,
  title={Risk to Develop Type 2 Diabetes Mellitus according to FINDRISC tool in Guatemalan Physicians aged 40-60 years},
  author={Castro, Estuardo Daniel and Vel{\'a}squez, Gamali{\'e}l Alejandro and Santos, Edgar Lineker and Oliva, Gustavo Adolfo and Chang, Clara Elizabeth and Soto, Harry Francisco},
  journal={International Journal of Medical Students},
  volume={5},
  number={1},
  pages={20--25},
  year={2017}
}

@article{orellana2006organizacion,
  title={Organizaci{\'o}n Panamericana de la Salud Iniciativa Centroamericana de Diabetes (CAMDI): encuesta de diabetes, hipertensi{\'o}n y factores de riesgo de enfermedades cr{\'o}nicas},
  author={Orellana, P and Ram{\'\i}rez, M and Barcel{\'o}, A and Gil, E},
  journal={Villa Nueva, Guatemala},
  year={2006}
}

@inproceedings{pisharady2013kinect,
  title={Kinect based body posture detection and recognition system},
  author={Pisharady, Pramod Kumar and Saerbeck, Martin},
  booktitle={International Conference on Graphic and Image Processing (ICGIP 2012)},
  volume={8768},
  pages={87687F},
  year={2013},
  organization={International Society for Optics and Photonics}
}

@article{shum2013real,
  title={Real-time posture reconstruction for microsoft kinect},
  author={Shum, Hubert PH and Ho, Edmond SL and Jiang, Yang and Takagi, Shu},
  journal={IEEE transactions on cybernetics},
  volume={43},
  number={5},
  pages={1357--1369},
  year={2013},
  publisher={IEEE}
}

@article{shum2011fast,
  title={Fast accelerometer-based motion recognition with a dual buffer framework},
  author={Shum, Hubert PH and Komura, Taku and Takagi, Shu},
  journal={The International Journal of Virtual Reality},
  volume={10},
  number={3},
  pages={17--24},
  year={2011},
  publisher={IPI Press}
}

@inproceedings{shum2012real,
  title={Real-time physical modelling of character movements with microsoft kinect},
  author={Shum, Hubert and Ho, Edmond SL},
  booktitle={Proceedings of the 18th ACM symposium on Virtual reality software and technology},
  pages={17--24},
  year={2012},
  organization={ACM}
}

@inproceedings{paliyawan2014prolonged,
  title={Prolonged sitting detection for office workers syndrome prevention using Kinect},
  author={Paliyawan, Pujana and Nukoolkit, Chakarida and Mongkolnam, Pornchai},
  booktitle={2014 11th International Conference on Electrical Engineering/Electronics, Computer, Telecommunications and Information Technology (ECTI-CON)},
  pages={1--6},
  year={2014},
  organization={IEEE}
}

@inproceedings{amini2016comparison,
  title={A comparison between heuristic and machine learning techniques in fall detection using Kinect v2},
  author={Amini, Amin and Banitsas, Konstantinos and Cosmas, John},
  booktitle={2016 IEEE International Symposium on Medical Measurements and Applications (MeMeA)},
  pages={1--6},
  year={2016},
  organization={IEEE}
}

@online{withfitAirSquat,
  author = {withfit},
  title = {Air Squat},
  year = 2019,
  url = {http://www.withfit.com/exercises/Air+Squat},
  urldate = {2019-07-16}
}

@online{sedentarismoOMS,
  author = {Organizacion mundial de la salud},
  title = {Inactividad física: un problema de salud pública mundial},
  year = 2019,
  url = {https://www.who.int/dietphysicalactivity/factsheet_inactivity/es/},
  urldate = {2019-07-16}
}

@online{actividadFisicaOMS,
  author = {Organizacion mundial de la salud},
  title = {Estrategia mundial sobre régimen alimentario, actividad física y salud},
  year = 2019,
  url = {https://www.who.int/dietphysicalactivity/pa/es/},
  urldate = {2019-07-16}
}

@book{marieb2008anatomia,
  title={Anatom{\'\i}a y fisiolog{\'\i}a humana},
  author={Marieb, Elaine N},
  number={Sirsi) i9788478290949},
  year={2008},
  publisher={Pearson Educaci{\'o}n}
}

@article{emberts2013exercise,
  title={Exercise intensity and energy expenditure of a tabata workout},
  author={Emberts, Talisa and Porcari, John and Dobers-tein, Scott and Steffen, Jeff and Foster, Carl},
  journal={Journal of sports science \& medicine},
  volume={12},
  number={3},
  pages={612},
  year={2013},
  publisher={Dept. of Sports Medicine, Medical Faculty of Uludag University}
}